<record><leader>00000cas a2200000 a 4500</leader><controlfield tag="001">12228603</controlfield><controlfield tag="008">850703d18uu1875ksuwr ne      0    0eng d</controlfield><datafield ind1=" " ind2=" " tag="010"><subfield code="a">sn 85031558 </subfield></datafield><datafield ind1=" " ind2=" " tag="040"><subfield code="a">KSH</subfield><subfield code="b">eng</subfield><subfield code="c">KSH</subfield><subfield code="d">NPT</subfield><subfield code="d">SLU</subfield><subfield code="d">OCL</subfield><subfield code="d">OCLCQ</subfield><subfield code="d">CRL</subfield><subfield code="d">OCLCQ</subfield></datafield><datafield ind1=" " ind2=" " tag="042"><subfield code="a">msc</subfield></datafield><datafield ind1="0" ind2="0" tag="245"><subfield code="a">Parsons surprise.</subfield></datafield><datafield ind1=" " ind2=" " tag="260"><subfield code="a">Parsons, Kan. :</subfield><subfield code="b">A.W. Gifford,</subfield><subfield code="c">-1875.</subfield></datafield><datafield ind1=" " ind2=" " tag="300"><subfield code="a">v. ;</subfield><subfield code="c">32 cm.</subfield></datafield><datafield ind1=" " ind2=" " tag="310"><subfield code="a">Weekly</subfield></datafield><datafield ind1="0" ind2=" " tag="362"><subfield code="a">-v. 3, no. 20 (June 26, 1875).</subfield></datafield><datafield ind1=" " ind2=" " tag="500"><subfield code="a">Published by Gifford &amp; Winter, Apr. 25, 1874-June 26, 1875.</subfield></datafield><datafield ind1=" " ind2=" " tag="588"><subfield code="a">Description based on: Vol. 2, no. 6 (Mar. 7, 1874).</subfield></datafield><datafield ind1=" " ind2=" " tag="752"><subfield code="a">United States</subfield><subfield code="b">Kansas</subfield><subfield code="c">Labette</subfield><subfield code="d">Parsons.</subfield></datafield><datafield ind1="0" ind2="4" tag="785"><subfield code="t">Sun (Parsons, Kan. : 1871)</subfield><subfield code="w">(DLC)sn 85031545</subfield><subfield code="w">(OCoLC)12277073</subfield></datafield></record>